@misc{CPlusPlus.com,
    author    = "cplusplus.com",
    title     = "General information about the C++ programming language.",
    url       = "http://www.cplusplus.com/"
}
@misc{SDL,
    author    = "libsdl.org",
    title     = "Simple DirectMedia Layer is a cross-platform development library designed to provide low level access to audio, keyboard, mouse, joystick, and graphics hardware via OpenGL and Direct3D",
    url       = "https://www.libsdl.org/index.php"
}
